@inproceedings{DistEQ,
address = {Songkhla, Thailand},
author = {Keawpibal, Naphat and Duangsuwan, Jarunee and Wettayaprasit, Wiphada and Preechaveerakul, Ladda and Vanichayobon, Sirirut},
booktitle = {Proceedings of the 2015 12th International Joint Conference on Computer Science and Software Engineering, (JCSSE)},
pages = {309--314},
title = {{DistEQ: Distributed Equality Query Processing on Encoded Bitmap Index}},
year = {2015}
}
@inproceedings{EEBI,
	address = {Seoul, South Korea},
	author = {Keawpibal, Amorntep and Wattanakitrungroj, Niwan and Vanichayobon, Sirirut},
	booktitle = {Proceedings of 2012 8th International Conference on Computing Technology and Information Management (ICCM)},
	pages = {293--298},
	title = {{Enhanced Encoded Bitmap Index for Equality Query}},
	year = {2012}
}